@Manual{R-dplyr,
  title = {dplyr: A Grammar of Data Manipulation},
  author = {Hadley Wickham and Romain François and Lionel Henry and Kirill Müller and Davis Vaughan},
  year = {2023},
  note = {R package version 1.1.4},
  url = {https://dplyr.tidyverse.org},
}

@Manual{R-ggplot2,
  title = {ggplot2: Create Elegant Data Visualisations Using the Grammar of Graphics},
  author = {Hadley Wickham and Winston Chang and Lionel Henry and Thomas Lin Pedersen and Kohske Takahashi and Claus Wilke and Kara Woo and Hiroaki Yutani and Dewey Dunnington and Teun {van den Brand}},
  year = {2025},
  note = {R package version 3.5.2},
  url = {https://ggplot2.tidyverse.org},
}

@Manual{R-gstat,
  title = {gstat: Spatial and Spatio-Temporal Geostatistical Modelling, Prediction
and Simulation},
  author = {Edzer Pebesma and Benedikt Graeler},
  year = {2025},
  note = {R package version 2.1-4},
  url = {https://github.com/r-spatial/gstat/},
}

@Manual{R-htmltools,
  title = {htmltools: Tools for HTML},
  author = {Joe Cheng and Carson Sievert and Barret Schloerke and Winston Chang and Yihui Xie and Jeff Allen},
  year = {2024},
  note = {R package version 0.5.8.1},
  url = {https://github.com/rstudio/htmltools},
}

@Manual{R-leaflet,
  title = {leaflet: Create Interactive Web Maps with the JavaScript Leaflet
Library},
  author = {Joe Cheng and Barret Schloerke and Bhaskar Karambelkar and Yihui Xie and Garrick Aden-Buie},
  year = {2025},
  note = {R package version 2.2.3},
  url = {https://rstudio.github.io/leaflet/},
}

@Manual{R-leaflet.minicharts,
  title = {leaflet.minicharts: Mini Charts for Interactive Maps},
  author = {Veronique Bachelier and Jalal-Edine ZAWAM and Benoit Thieurmel and Francois Guillem},
  year = {2021},
  note = {R package version 0.6.2},
  url = {https://CRAN.R-project.org/package=leaflet.minicharts},
  doi = {10.32614/CRAN.package.leaflet.minicharts},
}

@Manual{R-leafsync,
  title = {leafsync: Small Multiples for Leaflet Web Maps},
  author = {Tim Appelhans and Kenton Russell},
  year = {2019},
  note = {R package version 0.1.0},
  url = {https://github.com/r-spatial/leafsync},
}

@Manual{R-plotly,
  title = {plotly: Create Interactive Web Graphics via plotly.js},
  author = {Carson Sievert and Chris Parmer and Toby Hocking and Scott Chamberlain and Karthik Ram and Marianne Corvellec and Pedro Despouy},
  year = {2025},
  note = {R package version 4.11.0},
  url = {https://plotly-r.com},
}

@Manual{R-rlang,
  title = {rlang: Functions for Base Types and Core R and Tidyverse Features},
  author = {Lionel Henry and Hadley Wickham},
  year = {2025},
  note = {R package version 1.1.6},
  url = {https://rlang.r-lib.org},
}

@Manual{R-sf,
  title = {sf: Simple Features for R},
  author = {Edzer Pebesma},
  year = {2025},
  note = {R package version 1.0-21},
  url = {https://r-spatial.github.io/sf/},
}

@Manual{R-shiny,
  title = {shiny: Web Application Framework for R},
  author = {Winston Chang and Joe Cheng and JJ Allaire and Carson Sievert and Barret Schloerke and Yihui Xie and Jeff Allen and Jonathan McPherson and Alan Dipert and Barbara Borges},
  year = {2025},
  note = {R package version 1.11.1},
  url = {https://shiny.posit.co/},
}

@Manual{R-shinyWidgets,
  title = {shinyWidgets: Custom Inputs Widgets for Shiny},
  author = {Victor Perrier and Fanny Meyer and David Granjon},
  year = {2025},
  note = {R package version 0.9.0},
  url = {https://github.com/dreamRs/shinyWidgets},
}

@Manual{R-sp,
  title = {sp: Classes and Methods for Spatial Data},
  author = {Edzer Pebesma and Roger Bivand},
  year = {2025},
  note = {R package version 2.2-0},
  url = {https://github.com/edzer/sp/},
}

@Manual{R-terra,
  title = {terra: Spatial Data Analysis},
  author = {Robert J. Hijmans},
  year = {2025},
  note = {R package version 1.8-60},
  url = {https://rspatial.org/},
}

@Book{ggplot22016,
  author = {Hadley Wickham},
  title = {ggplot2: Elegant Graphics for Data Analysis},
  publisher = {Springer-Verlag New York},
  year = {2016},
  isbn = {978-3-319-24277-4},
  url = {https://ggplot2.tidyverse.org},
}

@Article{gstat2004,
  title = {Multivariable geostatistics in {S}: the gstat package},
  author = {Edzer J. Pebesma},
  journal = {Computers \& Geosciences},
  year = {2004},
  volume = {30},
  pages = {683-691},
  url = {https://doi.org/10.1016/j.cageo.2004.03.012},
}

@Article{gstat2016,
  title = {Spatio-Temporal Interpolation using gstat},
  author = {Benedikt Gräler and Edzer Pebesma and Gerard Heuvelink},
  year = {2016},
  journal = {The R Journal},
  volume = {8},
  issue = {1},
  pages = {204-218},
  url = {https://journal.r-project.org/archive/2016/RJ-2016-014/index.html},
}

@Book{plotly2020,
  author = {Carson Sievert},
  title = {Interactive Web-Based Data Visualization with R, plotly, and shiny},
  publisher = {Chapman and Hall/CRC},
  year = {2020},
  isbn = {9781138331457},
  url = {https://plotly-r.com},
}

@Book{sf2023,
  author = {Edzer Pebesma and Roger Bivand},
  title = {{Spatial Data Science: With applications in R}},
  year = {2023},
  publisher = {{Chapman and Hall/CRC}},
  url = {https://r-spatial.org/book/},
  doi = {10.1201/9780429459016},
}

@Article{sf2018,
  author = {Edzer Pebesma},
  title = {{Simple Features for R: Standardized Support for Spatial Vector Data}},
  year = {2018},
  journal = {{The R Journal}},
  doi = {10.32614/RJ-2018-009},
  url = {https://doi.org/10.32614/RJ-2018-009},
  pages = {439--446},
  volume = {10},
  number = {1},
}

@Article{sp2005,
  author = {Edzer J. Pebesma and Roger Bivand},
  title = {Classes and methods for spatial data in {R}},
  journal = {R News},
  year = {2005},
  volume = {5},
  number = {2},
  pages = {9--13},
  month = {November},
  url = {https://CRAN.R-project.org/doc/Rnews/},
}

@Book{sp2013,
  author = {Roger S. Bivand and Edzer Pebesma and Virgilio Gomez-Rubio},
  title = {Applied spatial data analysis with {R}, Second edition},
  year = {2013},
  publisher = {Springer, NY},
  url = {https://asdar-book.org/},
}

