
@Manual{leaflet,
    title = {leaflet: Create Interactive Web Maps with the JavaScript 'Leaflet'
Library},
    author = {Joe Cheng and Barret Schloerke and Bhaskar Karambelkar and Yihui Xie},
    year = {2024},
    note = {R package version 2.2.2},
    url = {https://CRAN.R-project.org/package=leaflet},
  }

@misc{INMET_2025,
  author       = {Instituto Nacional de Meteorologia (INMET)},
  title        = {Tabela de Estações Meteorológicas},
  year         = {2025},
  url          = {https://tempo.inmet.gov.br/TabelaEstacoes/A001},
  note         = {Acesso em: 16 mar. 2025}
}

 @Article{gstat1,
    title = {Multivariable geostatistics in {S}: the gstat package},
    author = {Edzer J. Pebesma},
    journal = {Computers & Geosciences},
    year = {2004},
    volume = {30},
    pages = {683-691},
  }

 @Article{gstat2,
    title = {Spatio-Temporal Interpolation using gstat},
    author = {Benedikt Gräler and Edzer Pebesma and Gerard Heuvelink},
    year = {2016},
    journal = {The R Journal},
    volume = {8},
    issue = {1},
    pages = {204-218},
    url = {https://journal.r-project.org/archive/2016/RJ-2016-014/index.html},
  }


@Manual{R,
    title = {R: A Language and Environment for Statistical Computing},
    author = {{R Core Team}},
    organization = {R Foundation for Statistical Computing},
    address = {Vienna, Austria},
    year = {2024},
    url = {https://www.R-project.org/},
  }

@book{cressie2015statistics,
  title={Statistics for spatial data},
  author={Cressie, Noel},
  year={2015},
  publisher={John Wiley \& Sons}
}

@article{bagheri2018necessarily,
  title={Is it necessarily a normally distributed data for kriging? A case study: soil salinity map of Ghahab area, central Iran},
  author={Bagheri Bodaghabadi, M},
  journal={Desert},
  volume={23},
  number={2},
  pages={284--293},
  year={2018},
  publisher={University of Tehran}
}